<?xml version="1.0" encoding="UTF-8"?><collection xmlns="http://www.loc.gov/MARC21/slim"><record><leader>00631nam--2200193-i-4500</leader><controlfield tag="001">000044158</controlfield><controlfield tag="002">20161230</controlfield><controlfield tag="005">20161230201044</controlfield><controlfield tag="008">060222s1000------------r-----000-0-eng-d</controlfield><datafield ind1=" " ind2=" " tag="020"><subfield code="a">3700118759</subfield></datafield><datafield ind1=" " ind2=" " tag="040"><subfield code="a">IFIN-HH</subfield></datafield><datafield ind1=" " ind2=" " tag="080"><subfield code="a">533.9:523.03(061.3)</subfield></datafield><datafield ind1="1" ind2=" " tag="100"><subfield code="a">Biernat, H.K</subfield></datafield><datafield ind1="1" ind2="0" tag="245"><subfield code="a">Theoretical problems in space and fusion plasmas</subfield><subfield code="b">Proceedings held in pichl/schladming, austria, march 1-3, 1990</subfield><subfield code="c">H.k. biernat, s.j. bauer, m. heindler (eds.)</subfield></datafield><datafield ind1=" " ind2=" " tag="260"><subfield code="a">Wien</subfield><subfield code="b">Osterreichischen Akademie Der Wissenschaften</subfield><subfield code="c">1991</subfield></datafield><datafield ind1=" " ind2=" " tag="300"><subfield code="a">285P</subfield></datafield><datafield ind1="1" ind2=" " tag="700"><subfield code="a">Heindler, M</subfield><subfield code="e">Ed</subfield></datafield><datafield ind1=" " ind2=" " tag="852"><subfield code="a">79866</subfield><subfield code="c">523</subfield></datafield><datafield ind1=" " ind2=" " tag="CAT"><subfield code="a">Sys</subfield><subfield code="c">20141210</subfield><subfield code="h">132726</subfield></datafield></record></collection>